<record><leader>00000cas a2200000 a 4500</leader><controlfield tag="001">26341026</controlfield><controlfield tag="008">920806c19929999kyuwr ne      0   a0eng d</controlfield><datafield ind1=" " ind2=" " tag="010"><subfield code="a">sn 92003409 </subfield></datafield><datafield ind1=" " ind2=" " tag="040"><subfield code="a">NSD</subfield><subfield code="b">eng</subfield><subfield code="c">NSD</subfield><subfield code="d">KNP</subfield><subfield code="d">OCL</subfield><subfield code="d">OCLCQ</subfield><subfield code="d">KEU</subfield><subfield code="d">OCLCQ</subfield><subfield code="d">OCLCF</subfield><subfield code="d">OCLCO</subfield></datafield><datafield ind1=" " ind2=" " tag="012"><subfield code="m">y</subfield></datafield><datafield ind1="1" ind2=" " tag="022"><subfield code="a">1064-5888</subfield><subfield code="l">1064-5888</subfield><subfield code="y">1056-7631</subfield><subfield code="2">1</subfield></datafield><datafield ind1="1" ind2=" " tag="029"><subfield code="a">AU@</subfield><subfield code="b">000020694171</subfield></datafield><datafield ind1=" " ind2=" " tag="032"><subfield code="a">006469</subfield><subfield code="b">USPS</subfield></datafield><datafield ind1=" " ind2=" " tag="037"><subfield code="b">The Martin County Sun, POB 1314, Inez, KY 41224</subfield></datafield><datafield ind1=" " ind2=" " tag="042"><subfield code="a">nsdp</subfield><subfield code="a">msc</subfield></datafield><datafield ind1=" " ind2="4" tag="222"><subfield code="a">The Martin County sun</subfield></datafield><datafield ind1="0" ind2="4" tag="245"><subfield code="a">The Martin County sun.</subfield></datafield><datafield ind1=" " ind2=" " tag="260"><subfield code="a">Inez, Ky. :</subfield><subfield code="b">Grayson Family Pub.</subfield></datafield><datafield ind1=" " ind2=" " tag="300"><subfield code="a">v.</subfield></datafield><datafield ind1=" " ind2=" " tag="310"><subfield code="a">Weekly</subfield></datafield><datafield ind1="0" ind2=" " tag="362"><subfield code="a">Vol. 3, no. 23 (July 1, 1992)-</subfield></datafield><datafield ind1=" " ind2="4" tag="651"><subfield code="a">Inez (Ky.)</subfield><subfield code="v">Newspapers.</subfield></datafield><datafield ind1=" " ind2="4" tag="651"><subfield code="a">Martin County (Ky.)</subfield><subfield code="v">Newspapers.</subfield></datafield><datafield ind1=" " ind2="0" tag="651"><subfield code="a">Inez (Ky.)</subfield><subfield code="x">Newspapers.</subfield></datafield><datafield ind1=" " ind2="0" tag="651"><subfield code="a">Martin County (Ky.)</subfield><subfield code="x">Newspapers.</subfield></datafield><datafield ind1=" " ind2="7" tag="655"><subfield code="a">Newspapers.</subfield><subfield code="2">fast</subfield><subfield code="0">(OCoLC)fst01423814</subfield></datafield><datafield ind1=" " ind2="7" tag="651"><subfield code="a">Kentucky</subfield><subfield code="z">Inez.</subfield><subfield code="2">fast</subfield><subfield code="0">(OCoLC)fst01252578</subfield></datafield><datafield ind1=" " ind2="7" tag="651"><subfield code="a">Kentucky</subfield><subfield code="z">Martin County.</subfield><subfield code="2">fast</subfield><subfield code="0">(OCoLC)fst01234368</subfield></datafield><datafield ind1=" " ind2=" " tag="752"><subfield code="a">United States</subfield><subfield code="b">Kentucky</subfield><subfield code="c">Martin</subfield><subfield code="d">Inez.</subfield></datafield><datafield ind1="0" ind2="0" tag="780"><subfield code="t">East Kentucky sun</subfield><subfield code="x">1056-7631</subfield><subfield code="w">(DLC)sn 89058387</subfield><subfield code="w">(OCoLC)19272635</subfield></datafield></record>